%YAML 1.1
%TAG !u! tag:unity3d.com,2011:
--- !u!29 &1
OcclusionCullingSettings:
  m_ObjectHideFlags: 0
  serializedVersion: 2
  m_OcclusionBakeSettings:
    smallestOccluder: 5
    smallestHole: 0.25
    backfaceThreshold: 100
  m_SceneGUID: 00000000000000000000000000000000
  m_OcclusionCullingData: {fileID: 0}
--- !u!104 &2
RenderSettings:
  m_ObjectHideFlags: 0
  serializedVersion: 9
  m_Fog: 0
  m_FogColor: {r: 0.5, g: 0.5, b: 0.5, a: 1}
  m_FogMode: 1
  m_FogDensity: 0.01
  m_LinearFogStart: 0
  m_LinearFogEnd: 500
  m_AmbientSkyColor: {r: 0.764151, g: 0.26312745, b: 0.26312745, a: 1}
  m_AmbientEquatorColor: {r: 0.114, g: 0.125, b: 0.133, a: 1}
  m_AmbientGroundColor: {r: 0.047, g: 0.043, b: 0.035, a: 1}
  m_AmbientIntensity: 1
  m_AmbientMode: 0
  m_SubtractiveShadowColor: {r: 0.42, g: 0.478, b: 0.627, a: 1}
  m_SkyboxMaterial: {fileID: 10304, guid: 0000000000000000f000000000000000, type: 0}
  m_HaloStrength: 0.5
  m_FlareStrength: 1
  m_FlareFadeSpeed: 3
  m_HaloTexture: {fileID: 0}
  m_SpotCookie: {fileID: 10001, guid: 0000000000000000e000000000000000, type: 0}
  m_DefaultReflectionMode: 0
  m_DefaultReflectionResolution: 128
  m_ReflectionBounces: 1
  m_ReflectionIntensity: 1
  m_CustomReflection: {fileID: 0}
  m_Sun: {fileID: 705507994}
  m_IndirectSpecularColor: {r: 0.44657815, g: 0.49641192, b: 0.57481617, a: 1}
  m_UseRadianceAmbientProbe: 0
--- !u!157 &3
LightmapSettings:
  m_ObjectHideFlags: 0
  serializedVersion: 12
  m_GIWorkflowMode: 1
  m_GISettings:
    serializedVersion: 2
    m_BounceScale: 1
    m_IndirectOutputScale: 1
    m_AlbedoBoost: 1
    m_EnvironmentLightingMode: 0
    m_EnableBakedLightmaps: 1
    m_EnableRealtimeLightmaps: 0
  m_LightmapEditorSettings:
    serializedVersion: 12
    m_Resolution: 2
    m_BakeResolution: 40
    m_AtlasSize: 1024
    m_AO: 0
    m_AOMaxDistance: 1
    m_CompAOExponent: 1
    m_CompAOExponentDirect: 0
    m_ExtractAmbientOcclusion: 0
    m_Padding: 2
    m_LightmapParameters: {fileID: 0}
    m_LightmapsBakeMode: 1
    m_TextureCompression: 1
    m_FinalGather: 0
    m_FinalGatherFiltering: 1
    m_FinalGatherRayCount: 256
    m_ReflectionCompression: 2
    m_MixedBakeMode: 2
    m_BakeBackend: 1
    m_PVRSampling: 1
    m_PVRDirectSampleCount: 32
    m_PVRSampleCount: 500
    m_PVRBounces: 2
    m_PVREnvironmentSampleCount: 500
    m_PVREnvironmentReferencePointCount: 2048
    m_PVRFilteringMode: 2
    m_PVRDenoiserTypeDirect: 0
    m_PVRDenoiserTypeIndirect: 0
    m_PVRDenoiserTypeAO: 0
    m_PVRFilterTypeDirect: 0
    m_PVRFilterTypeIndirect: 0
    m_PVRFilterTypeAO: 0
    m_PVREnvironmentMIS: 0
    m_PVRCulling: 1
    m_PVRFilteringGaussRadiusDirect: 1
    m_PVRFilteringGaussRadiusIndirect: 5
    m_PVRFilteringGaussRadiusAO: 2
    m_PVRFilteringAtrousPositionSigmaDirect: 0.5
    m_PVRFilteringAtrousPositionSigmaIndirect: 2
    m_PVRFilteringAtrousPositionSigmaAO: 1
    m_ExportTrainingData: 0
    m_TrainingDataDestination: TrainingData
    m_LightProbeSampleCountMultiplier: 4
  m_LightingDataAsset: {fileID: 112000000, guid: 35cc3b8d80bad4b3c8aa687299eac54a, type: 2}
  m_LightingSettings: {fileID: 0}
--- !u!196 &4
NavMeshSettings:
  serializedVersion: 2
  m_ObjectHideFlags: 0
  m_BuildSettings:
    serializedVersion: 2
    agentTypeID: 0
    agentRadius: 0.5
    agentHeight: 2
    agentSlope: 45
    agentClimb: 0.4
    ledgeDropHeight: 0
    maxJumpAcrossDistance: 0
    minRegionArea: 2
    manualCellSize: 0
    cellSize: 0.16666667
    manualTileSize: 0
    tileSize: 256
    accuratePlacement: 0
    maxJobWorkers: 0
    preserveTilesOutsideBounds: 0
    debug:
      m_Flags: 0
  m_NavMeshData: {fileID: 0}
--- !u!1001 &95574233
PrefabInstance:
  m_ObjectHideFlags: 0
  serializedVersion: 2
  m_Modification:
    m_TransformParent: {fileID: 0}
    m_Modifications:
    - target: {fileID: 2526810117675089958, guid: 3da1b4744d9694906b89a2a7196e2284, type: 3}
      propertyPath: m_RootOrder
      value: 9
      objectReference: {fileID: 0}
    - target: {fileID: 2526810117675089958, guid: 3da1b4744d9694906b89a2a7196e2284, type: 3}
      propertyPath: m_LocalPosition.x
      value: 14.35
      objectReference: {fileID: 0}
    - target: {fileID: 2526810117675089958, guid: 3da1b4744d9694906b89a2a7196e2284, type: 3}
      propertyPath: m_LocalPosition.y
      value: 2.06
      objectReference: {fileID: 0}
    - target: {fileID: 2526810117675089958, guid: 3da1b4744d9694906b89a2a7196e2284, type: 3}
      propertyPath: m_LocalPosition.z
      value: 0
      objectReference: {fileID: 0}
    - target: {fileID: 2526810117675089958, guid: 3da1b4744d9694906b89a2a7196e2284, type: 3}
      propertyPath: m_LocalRotation.w
      value: 1
      objectReference: {fileID: 0}
    - target: {fileID: 2526810117675089958, guid: 3da1b4744d9694906b89a2a7196e2284, type: 3}
      propertyPath: m_LocalRotation.x
      value: 0
      objectReference: {fileID: 0}
    - target: {fileID: 2526810117675089958, guid: 3da1b4744d9694906b89a2a7196e2284, type: 3}
      propertyPath: m_LocalRotation.y
      value: 0
      objectReference: {fileID: 0}
    - target: {fileID: 2526810117675089958, guid: 3da1b4744d9694906b89a2a7196e2284, type: 3}
      propertyPath: m_LocalRotation.z
      value: 0
      objectReference: {fileID: 0}
    - target: {fileID: 2526810117675089958, guid: 3da1b4744d9694906b89a2a7196e2284, type: 3}
      propertyPath: m_LocalEulerAnglesHint.x
      value: 0
      objectReference: {fileID: 0}
    - target: {fileID: 2526810117675089958, guid: 3da1b4744d9694906b89a2a7196e2284, type: 3}
      propertyPath: m_LocalEulerAnglesHint.y
      value: 0
      objectReference: {fileID: 0}
    - target: {fileID: 2526810117675089958, guid: 3da1b4744d9694906b89a2a7196e2284, type: 3}
      propertyPath: m_LocalEulerAnglesHint.z
      value: 0
      objectReference: {fileID: 0}
    - target: {fileID: 2526810117675089961, guid: 3da1b4744d9694906b89a2a7196e2284, type: 3}
      propertyPath: m_Name
      value: Diamond (1)
      objectReference: {fileID: 0}
    - target: {fileID: 2526810117840532076, guid: 3da1b4744d9694906b89a2a7196e2284, type: 3}
      propertyPath: effectsManager
      value: 
      objectReference: {fileID: 1961813367}
    - target: {fileID: 2526810119028865938, guid: 3da1b4744d9694906b89a2a7196e2284, type: 3}
      propertyPath: effectsManager
      value: 
      objectReference: {fileID: 1961813367}
    m_RemovedComponents: []
  m_SourcePrefab: {fileID: 100100000, guid: 3da1b4744d9694906b89a2a7196e2284, type: 3}
--- !u!1001 &141106289
PrefabInstance:
  m_ObjectHideFlags: 0
  serializedVersion: 2
  m_Modification:
    m_TransformParent: {fileID: 0}
    m_Modifications:
    - target: {fileID: 100000, guid: c91c1eb85782d5748ace27eb4d7415bb, type: 3}
      propertyPath: m_Name
      value: Broadleaf_Desktop
      objectReference: {fileID: 0}
    - target: {fileID: 400000, guid: c91c1eb85782d5748ace27eb4d7415bb, type: 3}
      propertyPath: m_RootOrder
      value: 14
      objectReference: {fileID: 0}
    - target: {fileID: 400000, guid: c91c1eb85782d5748ace27eb4d7415bb, type: 3}
      propertyPath: m_LocalScale.x
      value: 50
      objectReference: {fileID: 0}
    - target: {fileID: 400000, guid: c91c1eb85782d5748ace27eb4d7415bb, type: 3}
      propertyPath: m_LocalScale.y
      value: 50
      objectReference: {fileID: 0}
    - target: {fileID: 400000, guid: c91c1eb85782d5748ace27eb4d7415bb, type: 3}
      propertyPath: m_LocalScale.z
      value: 50
      objectReference: {fileID: 0}
    - target: {fileID: 400000, guid: c91c1eb85782d5748ace27eb4d7415bb, type: 3}
      propertyPath: m_LocalPosition.x
      value: -150
      objectReference: {fileID: 0}
    - target: {fileID: 400000, guid: c91c1eb85782d5748ace27eb4d7415bb, type: 3}
      propertyPath: m_LocalPosition.y
      value: 0
      objectReference: {fileID: 0}
    - target: {fileID: 400000, guid: c91c1eb85782d5748ace27eb4d7415bb, type: 3}
      propertyPath: m_LocalPosition.z
      value: -523
      objectReference: {fileID: 0}
    - target: {fileID: 400000, guid: c91c1eb85782d5748ace27eb4d7415bb, type: 3}
      propertyPath: m_LocalRotation.w
      value: 1
      objectReference: {fileID: 0}
    - target: {fileID: 400000, guid: c91c1eb85782d5748ace27eb4d7415bb, type: 3}
      propertyPath: m_LocalRotation.x
      value: 0
      objectReference: {fileID: 0}
    - target: {fileID: 400000, guid: c91c1eb85782d5748ace27eb4d7415bb, type: 3}
      propertyPath: m_LocalRotation.y
      value: 0
      objectReference: {fileID: 0}
    - target: {fileID: 400000, guid: c91c1eb85782d5748ace27eb4d7415bb, type: 3}
      propertyPath: m_LocalRotation.z
      value: 0
      objectReference: {fileID: 0}
    - target: {fileID: 400000, guid: c91c1eb85782d5748ace27eb4d7415bb, type: 3}
      propertyPath: m_LocalEulerAnglesHint.x
      value: 0
      objectReference: {fileID: 0}
    - target: {fileID: 400000, guid: c91c1eb85782d5748ace27eb4d7415bb, type: 3}
      propertyPath: m_LocalEulerAnglesHint.y
      value: 0
      objectReference: {fileID: 0}
    - target: {fileID: 400000, guid: c91c1eb85782d5748ace27eb4d7415bb, type: 3}
      propertyPath: m_LocalEulerAnglesHint.z
      value: 0
      objectReference: {fileID: 0}
    m_RemovedComponents: []
  m_SourcePrefab: {fileID: 100100000, guid: c91c1eb85782d5748ace27eb4d7415bb, type: 3}
--- !u!1 &311672634 stripped
GameObject:
  m_CorrespondingSourceObject: {fileID: 2292674143187265876, guid: ad4af7a378c328b479efaa42f7756c12, type: 3}
  m_PrefabInstance: {fileID: 1241288035}
  m_PrefabAsset: {fileID: 0}
--- !u!4 &311672635 stripped
Transform:
  m_CorrespondingSourceObject: {fileID: 1484752262350124014, guid: ad4af7a378c328b479efaa42f7756c12, type: 3}
  m_PrefabInstance: {fileID: 1241288035}
  m_PrefabAsset: {fileID: 0}
--- !u!114 &311672639
MonoBehaviour:
  m_ObjectHideFlags: 0
  m_CorrespondingSourceObject: {fileID: 0}
  m_PrefabInstance: {fileID: 0}
  m_PrefabAsset: {fileID: 0}
  m_GameObject: {fileID: 311672634}
  m_Enabled: 1
  m_EditorHideFlags: 0
  m_Script: {fileID: 11500000, guid: b6f828627f21e4c31a31cc7fe3569dab, type: 3}
  m_Name: 
  m_EditorClassIdentifier: 
  range: 100
  muzzleFlash: {fileID: 1501040952}
--- !u!1 &705507993
GameObject:
  m_ObjectHideFlags: 0
  m_CorrespondingSourceObject: {fileID: 0}
  m_PrefabInstance: {fileID: 0}
  m_PrefabAsset: {fileID: 0}
  serializedVersion: 6
  m_Component:
  - component: {fileID: 705507995}
  - component: {fileID: 705507994}
  m_Layer: 0
  m_Name: Directional Light
  m_TagString: Untagged
  m_Icon: {fileID: 0}
  m_NavMeshLayer: 0
  m_StaticEditorFlags: 0
  m_IsActive: 1
--- !u!108 &705507994
Light:
  m_ObjectHideFlags: 0
  m_CorrespondingSourceObject: {fileID: 0}
  m_PrefabInstance: {fileID: 0}
  m_PrefabAsset: {fileID: 0}
  m_GameObject: {fileID: 705507993}
  m_Enabled: 1
  serializedVersion: 10
  m_Type: 1
  m_Shape: 0
  m_Color: {r: 1, g: 0.95686275, b: 0.8392157, a: 1}
  m_Intensity: 1
  m_Range: 10
  m_SpotAngle: 30
  m_InnerSpotAngle: 21.802082
  m_CookieSize: 10
  m_Shadows:
    m_Type: 2
    m_Resolution: -1
    m_CustomResolution: -1
    m_Strength: 1
    m_Bias: 0.05
    m_NormalBias: 0.4
    m_NearPlane: 0.2
    m_CullingMatrixOverride:
      e00: 1
      e01: 0
      e02: 0
      e03: 0
      e10: 0
      e11: 1
      e12: 0
      e13: 0
      e20: 0
      e21: 0
      e22: 1
      e23: 0
      e30: 0
      e31: 0
      e32: 0
      e33: 1
    m_UseCullingMatrixOverride: 0
  m_Cookie: {fileID: 0}
  m_DrawHalo: 0
  m_Flare: {fileID: 0}
  m_RenderMode: 0
  m_CullingMask:
    serializedVersion: 2
    m_Bits: 4294967295
  m_RenderingLayerMask: 1
  m_Lightmapping: 1
  m_LightShadowCasterMode: 0
  m_AreaSize: {x: 1, y: 1}
  m_BounceIntensity: 1
  m_ColorTemperature: 6570
  m_UseColorTemperature: 0
  m_BoundingSphereOverride: {x: 1.5581355e+28, y: 1.7443726e+28, z: 5.730171e-39, w: 3.9927185e+24}
  m_UseBoundingSphereOverride: 0
  m_UseViewFrustumForShadowCasterCull: 1
  m_ShadowRadius: 0
  m_ShadowAngle: 0
--- !u!4 &705507995
Transform:
  m_ObjectHideFlags: 0
  m_CorrespondingSourceObject: {fileID: 0}
  m_PrefabInstance: {fileID: 0}
  m_PrefabAsset: {fileID: 0}
  m_GameObject: {fileID: 705507993}
  m_LocalRotation: {x: 0.40821788, y: -0.23456968, z: 0.10938163, w: 0.8754261}
  m_LocalPosition: {x: 0, y: 3, z: 0}
  m_LocalScale: {x: 1, y: 1, z: 1}
  m_ConstrainProportionsScale: 0
  m_Children: []
  m_Father: {fileID: 0}
  m_RootOrder: 0
  m_LocalEulerAnglesHint: {x: 50, y: -30, z: 0}
--- !u!1 &836097105 stripped
GameObject:
  m_CorrespondingSourceObject: {fileID: 4575098489244479750, guid: f9fe430269810466ca1318e3cc97aea3, type: 3}
  m_PrefabInstance: {fileID: 3154203542115179940}
  m_PrefabAsset: {fileID: 0}
--- !u!1 &953863430
GameObject:
  m_ObjectHideFlags: 0
  m_CorrespondingSourceObject: {fileID: 0}
  m_PrefabInstance: {fileID: 0}
  m_PrefabAsset: {fileID: 0}
  serializedVersion: 6
  m_Component:
  - component: {fileID: 953863434}
  - component: {fileID: 953863433}
  - component: {fileID: 953863432}
  - component: {fileID: 953863431}
  m_Layer: 0
  m_Name: NewFloor
  m_TagString: Untagged
  m_Icon: {fileID: 0}
  m_NavMeshLayer: 0
  m_StaticEditorFlags: 0
  m_IsActive: 1
--- !u!65 &953863431
BoxCollider:
  m_ObjectHideFlags: 0
  m_CorrespondingSourceObject: {fileID: 0}
  m_PrefabInstance: {fileID: 0}
  m_PrefabAsset: {fileID: 0}
  m_GameObject: {fileID: 953863430}
  m_Material: {fileID: 0}
  m_IsTrigger: 0
  m_Enabled: 1
  serializedVersion: 2
  m_Size: {x: 1, y: 1, z: 1}
  m_Center: {x: 0, y: 0, z: 0}
--- !u!23 &953863432
MeshRenderer:
  m_ObjectHideFlags: 0
  m_CorrespondingSourceObject: {fileID: 0}
  m_PrefabInstance: {fileID: 0}
  m_PrefabAsset: {fileID: 0}
  m_GameObject: {fileID: 953863430}
  m_Enabled: 1
  m_CastShadows: 1
  m_ReceiveShadows: 1
  m_DynamicOccludee: 1
  m_StaticShadowCaster: 0
  m_MotionVectors: 1
  m_LightProbeUsage: 1
  m_ReflectionProbeUsage: 1
  m_RayTracingMode: 2
  m_RayTraceProcedural: 0
  m_RenderingLayerMask: 1
  m_RendererPriority: 0
  m_Materials:
  - {fileID: 2100000, guid: 07b17182cfd474827b1b614c0a05f641, type: 2}
  m_StaticBatchInfo:
    firstSubMesh: 0
    subMeshCount: 0
  m_StaticBatchRoot: {fileID: 0}
  m_ProbeAnchor: {fileID: 0}
  m_LightProbeVolumeOverride: {fileID: 0}
  m_ScaleInLightmap: 1
  m_ReceiveGI: 1
  m_PreserveUVs: 0
  m_IgnoreNormalsForChartDetection: 0
  m_ImportantGI: 0
  m_StitchLightmapSeams: 1
  m_SelectedEditorRenderState: 3
  m_MinimumChartSize: 4
  m_AutoUVMaxDistance: 0.5
  m_AutoUVMaxAngle: 89
  m_LightmapParameters: {fileID: 0}
  m_SortingLayerID: 0
  m_SortingLayer: 0
  m_SortingOrder: 0
  m_AdditionalVertexStreams: {fileID: 0}
--- !u!33 &953863433
MeshFilter:
  m_ObjectHideFlags: 0
  m_CorrespondingSourceObject: {fileID: 0}
  m_PrefabInstance: {fileID: 0}
  m_PrefabAsset: {fileID: 0}
  m_GameObject: {fileID: 953863430}
  m_Mesh: {fileID: 10202, guid: 0000000000000000e000000000000000, type: 0}
--- !u!4 &953863434
Transform:
  m_ObjectHideFlags: 0
  m_CorrespondingSourceObject: {fileID: 0}
  m_PrefabInstance: {fileID: 0}
  m_PrefabAsset: {fileID: 0}
  m_GameObject: {fileID: 953863430}
  m_LocalRotation: {x: 0, y: 0, z: 0, w: 1}
  m_LocalPosition: {x: 0, y: -0.5, z: 0}
  m_LocalScale: {x: 200, y: 1, z: 200}
  m_ConstrainProportionsScale: 0
  m_Children: []
  m_Father: {fileID: 0}
  m_RootOrder: 11
  m_LocalEulerAnglesHint: {x: 0, y: 0, z: 0}
--- !u!1001 &1134006640
PrefabInstance:
  m_ObjectHideFlags: 0
  serializedVersion: 2
  m_Modification:
    m_TransformParent: {fileID: 311672635}
    m_Modifications:
    - target: {fileID: 3290067921797560357, guid: 9c230f6087a444d80b65bc1531f1bdd3, type: 3}
      propertyPath: m_Name
      value: MuzzleFlash
      objectReference: {fileID: 0}
    - target: {fileID: 3508084505999976966, guid: 9c230f6087a444d80b65bc1531f1bdd3, type: 3}
      propertyPath: m_RootOrder
      value: 0
      objectReference: {fileID: 0}
    - target: {fileID: 3508084505999976966, guid: 9c230f6087a444d80b65bc1531f1bdd3, type: 3}
      propertyPath: m_LocalPosition.x
      value: 0.69286215
      objectReference: {fileID: 0}
    - target: {fileID: 3508084505999976966, guid: 9c230f6087a444d80b65bc1531f1bdd3, type: 3}
      propertyPath: m_LocalPosition.y
      value: 1.439375
      objectReference: {fileID: 0}
    - target: {fileID: 3508084505999976966, guid: 9c230f6087a444d80b65bc1531f1bdd3, type: 3}
      propertyPath: m_LocalPosition.z
      value: -3.1925051
      objectReference: {fileID: 0}
    - target: {fileID: 3508084505999976966, guid: 9c230f6087a444d80b65bc1531f1bdd3, type: 3}
      propertyPath: m_LocalRotation.w
      value: 0.7071068
      objectReference: {fileID: 0}
    - target: {fileID: 3508084505999976966, guid: 9c230f6087a444d80b65bc1531f1bdd3, type: 3}
      propertyPath: m_LocalRotation.x
      value: -0.7071068
      objectReference: {fileID: 0}
    - target: {fileID: 3508084505999976966, guid: 9c230f6087a444d80b65bc1531f1bdd3, type: 3}
      propertyPath: m_LocalRotation.y
      value: 0
      objectReference: {fileID: 0}
    - target: {fileID: 3508084505999976966, guid: 9c230f6087a444d80b65bc1531f1bdd3, type: 3}
      propertyPath: m_LocalRotation.z
      value: 0
      objectReference: {fileID: 0}
    - target: {fileID: 3508084505999976966, guid: 9c230f6087a444d80b65bc1531f1bdd3, type: 3}
      propertyPath: m_LocalEulerAnglesHint.x
      value: -90
      objectReference: {fileID: 0}
    - target: {fileID: 3508084505999976966, guid: 9c230f6087a444d80b65bc1531f1bdd3, type: 3}
      propertyPath: m_LocalEulerAnglesHint.y
      value: 0
      objectReference: {fileID: 0}
    - target: {fileID: 3508084505999976966, guid: 9c230f6087a444d80b65bc1531f1bdd3, type: 3}
      propertyPath: m_LocalEulerAnglesHint.z
      value: 0
      objectReference: {fileID: 0}
    - target: {fileID: 3978807431648659029, guid: 9c230f6087a444d80b65bc1531f1bdd3, type: 3}
      propertyPath: ShapeModule.angle
      value: 5
      objectReference: {fileID: 0}
    - target: {fileID: 3978807431648659029, guid: 9c230f6087a444d80b65bc1531f1bdd3, type: 3}
      propertyPath: ShapeModule.radius.value
      value: 0.0001
      objectReference: {fileID: 0}
    - target: {fileID: 3978807431648659029, guid: 9c230f6087a444d80b65bc1531f1bdd3, type: 3}
      propertyPath: ShapeModule.radiusThickness
      value: 0.33
      objectReference: {fileID: 0}
    - target: {fileID: 7578559292072484279, guid: 9c230f6087a444d80b65bc1531f1bdd3, type: 3}
      propertyPath: m_LocalPosition.x
      value: 0.723
      objectReference: {fileID: 0}
    - target: {fileID: 7578559292072484279, guid: 9c230f6087a444d80b65bc1531f1bdd3, type: 3}
      propertyPath: m_LocalPosition.y
      value: 0.057
      objectReference: {fileID: 0}
    - target: {fileID: 7578559292072484279, guid: 9c230f6087a444d80b65bc1531f1bdd3, type: 3}
      propertyPath: m_LocalPosition.z
      value: -0
      objectReference: {fileID: 0}
    - target: {fileID: 7578559292072484279, guid: 9c230f6087a444d80b65bc1531f1bdd3, type: 3}
      propertyPath: m_LocalRotation.w
      value: 0.7071068
      objectReference: {fileID: 0}
    - target: {fileID: 7578559292072484279, guid: 9c230f6087a444d80b65bc1531f1bdd3, type: 3}
      propertyPath: m_LocalRotation.x
      value: 0
      objectReference: {fileID: 0}
    - target: {fileID: 7578559292072484279, guid: 9c230f6087a444d80b65bc1531f1bdd3, type: 3}
      propertyPath: m_LocalRotation.y
      value: 0.7071068
      objectReference: {fileID: 0}
    - target: {fileID: 7578559292072484279, guid: 9c230f6087a444d80b65bc1531f1bdd3, type: 3}
      propertyPath: m_LocalEulerAnglesHint.x
      value: 0
      objectReference: {fileID: 0}
    - target: {fileID: 7578559292072484279, guid: 9c230f6087a444d80b65bc1531f1bdd3, type: 3}
      propertyPath: m_LocalEulerAnglesHint.y
      value: 90
      objectReference: {fileID: 0}
    m_RemovedComponents: []
  m_SourcePrefab: {fileID: 100100000, guid: 9c230f6087a444d80b65bc1531f1bdd3, type: 3}
--- !u!1 &1231657903
GameObject:
  m_ObjectHideFlags: 0
  m_CorrespondingSourceObject: {fileID: 0}
  m_PrefabInstance: {fileID: 0}
  m_PrefabAsset: {fileID: 0}
  serializedVersion: 6
  m_Component:
  - component: {fileID: 1231657906}
  - component: {fileID: 1231657905}
  - component: {fileID: 1231657904}
  m_Layer: 0
  m_Name: EventSystem
  m_TagString: Untagged
  m_Icon: {fileID: 0}
  m_NavMeshLayer: 0
  m_StaticEditorFlags: 0
  m_IsActive: 1
--- !u!114 &1231657904
MonoBehaviour:
  m_ObjectHideFlags: 0
  m_CorrespondingSourceObject: {fileID: 0}
  m_PrefabInstance: {fileID: 0}
  m_PrefabAsset: {fileID: 0}
  m_GameObject: {fileID: 1231657903}
  m_Enabled: 1
  m_EditorHideFlags: 0
  m_Script: {fileID: 11500000, guid: 4f231c4fb786f3946a6b90b886c48677, type: 3}
  m_Name: 
  m_EditorClassIdentifier: 
  m_SendPointerHoverToParent: 1
  m_HorizontalAxis: Horizontal
  m_VerticalAxis: Vertical
  m_SubmitButton: Submit
  m_CancelButton: Cancel
  m_InputActionsPerSecond: 10
  m_RepeatDelay: 0.5
  m_ForceModuleActive: 0
--- !u!114 &1231657905
MonoBehaviour:
  m_ObjectHideFlags: 0
  m_CorrespondingSourceObject: {fileID: 0}
  m_PrefabInstance: {fileID: 0}
  m_PrefabAsset: {fileID: 0}
  m_GameObject: {fileID: 1231657903}
  m_Enabled: 1
  m_EditorHideFlags: 0
  m_Script: {fileID: 11500000, guid: 76c392e42b5098c458856cdf6ecaaaa1, type: 3}
  m_Name: 
  m_EditorClassIdentifier: 
  m_FirstSelected: {fileID: 0}
  m_sendNavigationEvents: 1
  m_DragThreshold: 10
--- !u!4 &1231657906
Transform:
  m_ObjectHideFlags: 0
  m_CorrespondingSourceObject: {fileID: 0}
  m_PrefabInstance: {fileID: 0}
  m_PrefabAsset: {fileID: 0}
  m_GameObject: {fileID: 1231657903}
  m_LocalRotation: {x: 0, y: 0, z: 0, w: 1}
  m_LocalPosition: {x: 0, y: 0, z: 0}
  m_LocalScale: {x: 1, y: 1, z: 1}
  m_ConstrainProportionsScale: 0
  m_Children: []
  m_Father: {fileID: 0}
  m_RootOrder: 4
  m_LocalEulerAnglesHint: {x: 0, y: 0, z: 0}
--- !u!1001 &1241288035
PrefabInstance:
  m_ObjectHideFlags: 0
  serializedVersion: 2
  m_Modification:
    m_TransformParent: {fileID: 1301358991}
    m_Modifications:
    - target: {fileID: 1484752262350124014, guid: ad4af7a378c328b479efaa42f7756c12, type: 3}
      propertyPath: m_RootOrder
      value: 0
      objectReference: {fileID: 0}
    - target: {fileID: 1484752262350124014, guid: ad4af7a378c328b479efaa42f7756c12, type: 3}
      propertyPath: m_LocalPosition.x
      value: 0.25
      objectReference: {fileID: 0}
    - target: {fileID: 1484752262350124014, guid: ad4af7a378c328b479efaa42f7756c12, type: 3}
      propertyPath: m_LocalPosition.y
      value: -0.31
      objectReference: {fileID: 0}
    - target: {fileID: 1484752262350124014, guid: ad4af7a378c328b479efaa42f7756c12, type: 3}
      propertyPath: m_LocalPosition.z
      value: 0.35
      objectReference: {fileID: 0}
    - target: {fileID: 1484752262350124014, guid: ad4af7a378c328b479efaa42f7756c12, type: 3}
      propertyPath: m_LocalRotation.w
      value: 0.7071068
      objectReference: {fileID: 0}
    - target: {fileID: 1484752262350124014, guid: ad4af7a378c328b479efaa42f7756c12, type: 3}
      propertyPath: m_LocalRotation.x
      value: 0
      objectReference: {fileID: 0}
    - target: {fileID: 1484752262350124014, guid: ad4af7a378c328b479efaa42f7756c12, type: 3}
      propertyPath: m_LocalRotation.y
      value: -0.7071068
      objectReference: {fileID: 0}
    - target: {fileID: 1484752262350124014, guid: ad4af7a378c328b479efaa42f7756c12, type: 3}
      propertyPath: m_LocalRotation.z
      value: 0
      objectReference: {fileID: 0}
    - target: {fileID: 1484752262350124014, guid: ad4af7a378c328b479efaa42f7756c12, type: 3}
      propertyPath: m_LocalEulerAnglesHint.x
      value: 0
      objectReference: {fileID: 0}
    - target: {fileID: 1484752262350124014, guid: ad4af7a378c328b479efaa42f7756c12, type: 3}
      propertyPath: m_LocalEulerAnglesHint.y
      value: -90
      objectReference: {fileID: 0}
    - target: {fileID: 1484752262350124014, guid: ad4af7a378c328b479efaa42f7756c12, type: 3}
      propertyPath: m_LocalEulerAnglesHint.z
      value: 0
      objectReference: {fileID: 0}
    - target: {fileID: 2292674143187265876, guid: ad4af7a378c328b479efaa42f7756c12, type: 3}
      propertyPath: m_Name
      value: Rifle 1
      objectReference: {fileID: 0}
    m_RemovedComponents: []
  m_SourcePrefab: {fileID: 100100000, guid: ad4af7a378c328b479efaa42f7756c12, type: 3}
--- !u!4 &1301358991 stripped
Transform:
  m_CorrespondingSourceObject: {fileID: 6336940694353953170, guid: ffe48518d1ea8e74ba28d2fe90edcc85, type: 3}
  m_PrefabInstance: {fileID: 1545493519}
  m_PrefabAsset: {fileID: 0}
--- !u!1 &1436599278
GameObject:
  m_ObjectHideFlags: 0
  m_CorrespondingSourceObject: {fileID: 0}
  m_PrefabInstance: {fileID: 0}
  m_PrefabAsset: {fileID: 0}
  serializedVersion: 6
  m_Component:
  - component: {fileID: 1436599282}
  - component: {fileID: 1436599281}
  - component: {fileID: 1436599280}
  - component: {fileID: 1436599279}
  m_Layer: 0
  m_Name: LargeDistantObject
  m_TagString: Untagged
  m_Icon: {fileID: 0}
  m_NavMeshLayer: 0
  m_StaticEditorFlags: 0
  m_IsActive: 1
--- !u!65 &1436599279
BoxCollider:
  m_ObjectHideFlags: 0
  m_CorrespondingSourceObject: {fileID: 0}
  m_PrefabInstance: {fileID: 0}
  m_PrefabAsset: {fileID: 0}
  m_GameObject: {fileID: 1436599278}
  m_Material: {fileID: 0}
  m_IsTrigger: 0
  m_Enabled: 1
  serializedVersion: 2
  m_Size: {x: 1, y: 1, z: 1}
  m_Center: {x: 0, y: 0, z: 0}
--- !u!23 &1436599280
MeshRenderer:
  m_ObjectHideFlags: 0
  m_CorrespondingSourceObject: {fileID: 0}
  m_PrefabInstance: {fileID: 0}
  m_PrefabAsset: {fileID: 0}
  m_GameObject: {fileID: 1436599278}
  m_Enabled: 1
  m_CastShadows: 1
  m_ReceiveShadows: 1
  m_DynamicOccludee: 1
  m_StaticShadowCaster: 0
  m_MotionVectors: 1
  m_LightProbeUsage: 1
  m_ReflectionProbeUsage: 1
  m_RayTracingMode: 2
  m_RayTraceProcedural: 0
  m_RenderingLayerMask: 1
  m_RendererPriority: 0
  m_Materials:
  - {fileID: 2100000, guid: 9c31a8d0a09e2485a977a323c6e94067, type: 2}
  m_StaticBatchInfo:
    firstSubMesh: 0
    subMeshCount: 0
  m_StaticBatchRoot: {fileID: 0}
  m_ProbeAnchor: {fileID: 0}
  m_LightProbeVolumeOverride: {fileID: 0}
  m_ScaleInLightmap: 1
  m_ReceiveGI: 1
  m_PreserveUVs: 0
  m_IgnoreNormalsForChartDetection: 0
  m_ImportantGI: 0
  m_StitchLightmapSeams: 1
  m_SelectedEditorRenderState: 3
  m_MinimumChartSize: 4
  m_AutoUVMaxDistance: 0.5
  m_AutoUVMaxAngle: 89
  m_LightmapParameters: {fileID: 0}
  m_SortingLayerID: 0
  m_SortingLayer: 0
  m_SortingOrder: 0
  m_AdditionalVertexStreams: {fileID: 0}
--- !u!33 &1436599281
MeshFilter:
  m_ObjectHideFlags: 0
  m_CorrespondingSourceObject: {fileID: 0}
  m_PrefabInstance: {fileID: 0}
  m_PrefabAsset: {fileID: 0}
  m_GameObject: {fileID: 1436599278}
  m_Mesh: {fileID: 10202, guid: 0000000000000000e000000000000000, type: 0}
--- !u!4 &1436599282
Transform:
  m_ObjectHideFlags: 0
  m_CorrespondingSourceObject: {fileID: 0}
  m_PrefabInstance: {fileID: 0}
  m_PrefabAsset: {fileID: 0}
  m_GameObject: {fileID: 1436599278}
  m_LocalRotation: {x: 0, y: 0, z: 0, w: 1}
  m_LocalPosition: {x: 0.016798262, y: 452, z: 388}
  m_LocalScale: {x: 50, y: 1000, z: 50}
  m_ConstrainProportionsScale: 0
  m_Children: []
  m_Father: {fileID: 0}
  m_RootOrder: 13
  m_LocalEulerAnglesHint: {x: 0, y: 0, z: 0}
--- !u!198 &1501040952 stripped
ParticleSystem:
  m_CorrespondingSourceObject: {fileID: 3978807431648659029, guid: 9c230f6087a444d80b65bc1531f1bdd3, type: 3}
  m_PrefabInstance: {fileID: 1134006640}
  m_PrefabAsset: {fileID: 0}
--- !u!1 &1532300206 stripped
GameObject:
  m_CorrespondingSourceObject: {fileID: 6336940694353534384, guid: ffe48518d1ea8e74ba28d2fe90edcc85, type: 3}
  m_PrefabInstance: {fileID: 1545493519}
  m_PrefabAsset: {fileID: 0}
--- !u!23 &1532300212
MeshRenderer:
  m_ObjectHideFlags: 0
  m_CorrespondingSourceObject: {fileID: 0}
  m_PrefabInstance: {fileID: 0}
  m_PrefabAsset: {fileID: 0}
  m_GameObject: {fileID: 1532300206}
  m_Enabled: 1
  m_CastShadows: 1
  m_ReceiveShadows: 1
  m_DynamicOccludee: 1
  m_StaticShadowCaster: 0
  m_MotionVectors: 1
  m_LightProbeUsage: 1
  m_ReflectionProbeUsage: 1
  m_RayTracingMode: 2
  m_RayTraceProcedural: 0
  m_RenderingLayerMask: 1
  m_RendererPriority: 0
  m_Materials:
  - {fileID: 0}
  m_StaticBatchInfo:
    firstSubMesh: 0
    subMeshCount: 0
  m_StaticBatchRoot: {fileID: 0}
  m_ProbeAnchor: {fileID: 0}
  m_LightProbeVolumeOverride: {fileID: 0}
  m_ScaleInLightmap: 1
  m_ReceiveGI: 1
  m_PreserveUVs: 0
  m_IgnoreNormalsForChartDetection: 0
  m_ImportantGI: 0
  m_StitchLightmapSeams: 1
  m_SelectedEditorRenderState: 3
  m_MinimumChartSize: 4
  m_AutoUVMaxDistance: 0.5
  m_AutoUVMaxAngle: 89
  m_LightmapParameters: {fileID: 0}
  m_SortingLayerID: 0
  m_SortingLayer: 0
  m_SortingOrder: 0
  m_AdditionalVertexStreams: {fileID: 0}
--- !u!1001 &1545493519
PrefabInstance:
  m_ObjectHideFlags: 0
  serializedVersion: 2
  m_Modification:
    m_TransformParent: {fileID: 0}
    m_Modifications:
    - target: {fileID: 6336940694353534384, guid: ffe48518d1ea8e74ba28d2fe90edcc85, type: 3}
      propertyPath: m_Name
      value: FirstPerson
      objectReference: {fileID: 0}
    - target: {fileID: 6336940694353534384, guid: ffe48518d1ea8e74ba28d2fe90edcc85, type: 3}
      propertyPath: m_TagString
      value: Player
      objectReference: {fileID: 0}
    - target: {fileID: 6336940694353953168, guid: ffe48518d1ea8e74ba28d2fe90edcc85, type: 3}
      propertyPath: m_RootOrder
      value: 2
      objectReference: {fileID: 0}
    - target: {fileID: 6336940694353953168, guid: ffe48518d1ea8e74ba28d2fe90edcc85, type: 3}
      propertyPath: m_LocalPosition.x
      value: -22.6
      objectReference: {fileID: 0}
    - target: {fileID: 6336940694353953168, guid: ffe48518d1ea8e74ba28d2fe90edcc85, type: 3}
      propertyPath: m_LocalPosition.y
      value: 4.21
      objectReference: {fileID: 0}
    - target: {fileID: 6336940694353953168, guid: ffe48518d1ea8e74ba28d2fe90edcc85, type: 3}
      propertyPath: m_LocalPosition.z
      value: -7.5
      objectReference: {fileID: 0}
    - target: {fileID: 6336940694353953168, guid: ffe48518d1ea8e74ba28d2fe90edcc85, type: 3}
      propertyPath: m_LocalRotation.w
      value: 1
      objectReference: {fileID: 0}
    - target: {fileID: 6336940694353953168, guid: ffe48518d1ea8e74ba28d2fe90edcc85, type: 3}
      propertyPath: m_LocalRotation.x
      value: 0
      objectReference: {fileID: 0}
    - target: {fileID: 6336940694353953168, guid: ffe48518d1ea8e74ba28d2fe90edcc85, type: 3}
      propertyPath: m_LocalRotation.y
      value: 0
      objectReference: {fileID: 0}
    - target: {fileID: 6336940694353953168, guid: ffe48518d1ea8e74ba28d2fe90edcc85, type: 3}
      propertyPath: m_LocalRotation.z
      value: 0
      objectReference: {fileID: 0}
    - target: {fileID: 6336940694353953168, guid: ffe48518d1ea8e74ba28d2fe90edcc85, type: 3}
      propertyPath: m_LocalEulerAnglesHint.x
      value: 0
      objectReference: {fileID: 0}
    - target: {fileID: 6336940694353953168, guid: ffe48518d1ea8e74ba28d2fe90edcc85, type: 3}
      propertyPath: m_LocalEulerAnglesHint.y
      value: 0
      objectReference: {fileID: 0}
    - target: {fileID: 6336940694353953168, guid: ffe48518d1ea8e74ba28d2fe90edcc85, type: 3}
      propertyPath: m_LocalEulerAnglesHint.z
      value: 0
      objectReference: {fileID: 0}
    - target: {fileID: 6336940694356378704, guid: ffe48518d1ea8e74ba28d2fe90edcc85, type: 3}
      propertyPath: m_Volume
      value: 0.194
      objectReference: {fileID: 0}
    m_RemovedComponents: []
  m_SourcePrefab: {fileID: 100100000, guid: ffe48518d1ea8e74ba28d2fe90edcc85, type: 3}
--- !u!1001 &1549557765
PrefabInstance:
  m_ObjectHideFlags: 0
  serializedVersion: 2
  m_Modification:
    m_TransformParent: {fileID: 0}
    m_Modifications:
    - target: {fileID: 100000, guid: 780611a67e8e941a2b3aa96e5915a793, type: 3}
      propertyPath: m_Name
      value: WaterProDaytime
      objectReference: {fileID: 0}
    - target: {fileID: 400000, guid: 780611a67e8e941a2b3aa96e5915a793, type: 3}
      propertyPath: m_RootOrder
      value: 12
      objectReference: {fileID: 0}
    - target: {fileID: 400000, guid: 780611a67e8e941a2b3aa96e5915a793, type: 3}
      propertyPath: m_LocalScale.x
      value: 1000
      objectReference: {fileID: 0}
    - target: {fileID: 400000, guid: 780611a67e8e941a2b3aa96e5915a793, type: 3}
      propertyPath: m_LocalScale.z
      value: 1000
      objectReference: {fileID: 0}
    - target: {fileID: 400000, guid: 780611a67e8e941a2b3aa96e5915a793, type: 3}
      propertyPath: m_LocalPosition.x
      value: 0
      objectReference: {fileID: 0}
    - target: {fileID: 400000, guid: 780611a67e8e941a2b3aa96e5915a793, type: 3}
      propertyPath: m_LocalPosition.y
      value: -0.29
      objectReference: {fileID: 0}
    - target: {fileID: 400000, guid: 780611a67e8e941a2b3aa96e5915a793, type: 3}
      propertyPath: m_LocalPosition.z
      value: 0
      objectReference: {fileID: 0}
    - target: {fileID: 400000, guid: 780611a67e8e941a2b3aa96e5915a793, type: 3}
      propertyPath: m_LocalRotation.w
      value: 1
      objectReference: {fileID: 0}
    - target: {fileID: 400000, guid: 780611a67e8e941a2b3aa96e5915a793, type: 3}
      propertyPath: m_LocalRotation.x
      value: 0
      objectReference: {fileID: 0}
    - target: {fileID: 400000, guid: 780611a67e8e941a2b3aa96e5915a793, type: 3}
      propertyPath: m_LocalRotation.y
      value: 0
      objectReference: {fileID: 0}
    - target: {fileID: 400000, guid: 780611a67e8e941a2b3aa96e5915a793, type: 3}
      propertyPath: m_LocalRotation.z
      value: 0
      objectReference: {fileID: 0}
    - target: {fileID: 400000, guid: 780611a67e8e941a2b3aa96e5915a793, type: 3}
      propertyPath: m_LocalEulerAnglesHint.x
      value: 0
      objectReference: {fileID: 0}
    - target: {fileID: 400000, guid: 780611a67e8e941a2b3aa96e5915a793, type: 3}
      propertyPath: m_LocalEulerAnglesHint.y
      value: 0
      objectReference: {fileID: 0}
    - target: {fileID: 400000, guid: 780611a67e8e941a2b3aa96e5915a793, type: 3}
      propertyPath: m_LocalEulerAnglesHint.z
      value: 0
      objectReference: {fileID: 0}
    m_RemovedComponents: []
  m_SourcePrefab: {fileID: 100100000, guid: 780611a67e8e941a2b3aa96e5915a793, type: 3}
--- !u!1 &1746798894
GameObject:
  m_ObjectHideFlags: 0
  m_CorrespondingSourceObject: {fileID: 0}
  m_PrefabInstance: {fileID: 0}
  m_PrefabAsset: {fileID: 0}
  serializedVersion: 6
  m_Component:
  - component: {fileID: 1746798895}
  - component: {fileID: 1746798898}
  - component: {fileID: 1746798897}
  - component: {fileID: 1746798896}
  m_Layer: 5
  m_Name: Canvas
  m_TagString: Untagged
  m_Icon: {fileID: 0}
  m_NavMeshLayer: 0
  m_StaticEditorFlags: 0
  m_IsActive: 1
--- !u!224 &1746798895
RectTransform:
  m_ObjectHideFlags: 0
  m_CorrespondingSourceObject: {fileID: 0}
  m_PrefabInstance: {fileID: 0}
  m_PrefabAsset: {fileID: 0}
  m_GameObject: {fileID: 1746798894}
  m_LocalRotation: {x: 0, y: 0, z: 0, w: 1}
  m_LocalPosition: {x: 0, y: 0, z: 0}
  m_LocalScale: {x: 0, y: 0, z: 0}
  m_ConstrainProportionsScale: 0
  m_Children:
  - {fileID: 2146249800}
  m_Father: {fileID: 2033918151}
  m_RootOrder: 0
  m_LocalEulerAnglesHint: {x: 0, y: 0, z: 0}
  m_AnchorMin: {x: 0, y: 0}
  m_AnchorMax: {x: 0, y: 0}
  m_AnchoredPosition: {x: 0, y: 0}
  m_SizeDelta: {x: 0, y: 0}
  m_Pivot: {x: 0, y: 0}
--- !u!114 &1746798896
MonoBehaviour:
  m_ObjectHideFlags: 0
  m_CorrespondingSourceObject: {fileID: 0}
  m_PrefabInstance: {fileID: 0}
  m_PrefabAsset: {fileID: 0}
  m_GameObject: {fileID: 1746798894}
  m_Enabled: 1
  m_EditorHideFlags: 0
  m_Script: {fileID: 11500000, guid: dc42784cf147c0c48a680349fa168899, type: 3}
  m_Name: 
  m_EditorClassIdentifier: 
  m_IgnoreReversedGraphics: 1
  m_BlockingObjects: 0
  m_BlockingMask:
    serializedVersion: 2
    m_Bits: 4294967295
--- !u!114 &1746798897
MonoBehaviour:
  m_ObjectHideFlags: 0
  m_CorrespondingSourceObject: {fileID: 0}
  m_PrefabInstance: {fileID: 0}
  m_PrefabAsset: {fileID: 0}
  m_GameObject: {fileID: 1746798894}
  m_Enabled: 1
  m_EditorHideFlags: 0
  m_Script: {fileID: 11500000, guid: 0cd44c1031e13a943bb63640046fad76, type: 3}
  m_Name: 
  m_EditorClassIdentifier: 
  m_UiScaleMode: 0
  m_ReferencePixelsPerUnit: 100
  m_ScaleFactor: 1
  m_ReferenceResolution: {x: 800, y: 600}
  m_ScreenMatchMode: 0
  m_MatchWidthOrHeight: 0
  m_PhysicalUnit: 3
  m_FallbackScreenDPI: 96
  m_DefaultSpriteDPI: 96
  m_DynamicPixelsPerUnit: 1
  m_PresetInfoIsWorld: 0
--- !u!223 &1746798898
Canvas:
  m_ObjectHideFlags: 0
  m_CorrespondingSourceObject: {fileID: 0}
  m_PrefabInstance: {fileID: 0}
  m_PrefabAsset: {fileID: 0}
  m_GameObject: {fileID: 1746798894}
  m_Enabled: 1
  serializedVersion: 3
  m_RenderMode: 0
  m_Camera: {fileID: 0}
  m_PlaneDistance: 100
  m_PixelPerfect: 0
  m_ReceivesEvents: 1
  m_OverrideSorting: 0
  m_OverridePixelPerfect: 0
  m_SortingBucketNormalizedSize: 0
  m_AdditionalShaderChannelsFlag: 0
  m_SortingLayerID: 0
  m_SortingOrder: 0
  m_TargetDisplay: 0
--- !u!1001 &1770335561
PrefabInstance:
  m_ObjectHideFlags: 0
  serializedVersion: 2
  m_Modification:
    m_TransformParent: {fileID: 0}
    m_Modifications:
    - target: {fileID: 391960871550256090, guid: 475e86577665a42fab66c39511afc1be, type: 3}
      propertyPath: m_UseGravity
      value: 0
      objectReference: {fileID: 0}
    - target: {fileID: 391960871550256091, guid: 475e86577665a42fab66c39511afc1be, type: 3}
      propertyPath: effectsManager
      value: 
      objectReference: {fileID: 1961813367}
    - target: {fileID: 391960871688722798, guid: 475e86577665a42fab66c39511afc1be, type: 3}
      propertyPath: m_RootOrder
      value: 7
      objectReference: {fileID: 0}
    - target: {fileID: 391960871688722798, guid: 475e86577665a42fab66c39511afc1be, type: 3}
      propertyPath: m_LocalPosition.x
      value: 5.945
      objectReference: {fileID: 0}
    - target: {fileID: 391960871688722798, guid: 475e86577665a42fab66c39511afc1be, type: 3}
      propertyPath: m_LocalPosition.y
      value: 1.498
      objectReference: {fileID: 0}
    - target: {fileID: 391960871688722798, guid: 475e86577665a42fab66c39511afc1be, type: 3}
      propertyPath: m_LocalPosition.z
      value: 0
      objectReference: {fileID: 0}
    - target: {fileID: 391960871688722798, guid: 475e86577665a42fab66c39511afc1be, type: 3}
      propertyPath: m_LocalRotation.w
      value: 1
      objectReference: {fileID: 0}
    - target: {fileID: 391960871688722798, guid: 475e86577665a42fab66c39511afc1be, type: 3}
      propertyPath: m_LocalRotation.x
      value: 0
      objectReference: {fileID: 0}
    - target: {fileID: 391960871688722798, guid: 475e86577665a42fab66c39511afc1be, type: 3}
      propertyPath: m_LocalRotation.y
      value: 0
      objectReference: {fileID: 0}
    - target: {fileID: 391960871688722798, guid: 475e86577665a42fab66c39511afc1be, type: 3}
      propertyPath: m_LocalRotation.z
      value: 0
      objectReference: {fileID: 0}
    - target: {fileID: 391960871688722798, guid: 475e86577665a42fab66c39511afc1be, type: 3}
      propertyPath: m_LocalEulerAnglesHint.x
      value: 0
      objectReference: {fileID: 0}
    - target: {fileID: 391960871688722798, guid: 475e86577665a42fab66c39511afc1be, type: 3}
      propertyPath: m_LocalEulerAnglesHint.y
      value: 0
      objectReference: {fileID: 0}
    - target: {fileID: 391960871688722798, guid: 475e86577665a42fab66c39511afc1be, type: 3}
      propertyPath: m_LocalEulerAnglesHint.z
      value: 0
      objectReference: {fileID: 0}
    - target: {fileID: 391960871688722799, guid: 475e86577665a42fab66c39511afc1be, type: 3}
      propertyPath: m_Name
      value: TargetStack (1)
      objectReference: {fileID: 0}
    - target: {fileID: 391960871688722799, guid: 475e86577665a42fab66c39511afc1be, type: 3}
      propertyPath: m_IsActive
      value: 1
      objectReference: {fileID: 0}
    - target: {fileID: 391960871763879184, guid: 475e86577665a42fab66c39511afc1be, type: 3}
      propertyPath: effectsManager
      value: 
      objectReference: {fileID: 1961813367}
    - target: {fileID: 391960871763879199, guid: 475e86577665a42fab66c39511afc1be, type: 3}
      propertyPath: m_UseGravity
      value: 0
      objectReference: {fileID: 0}
    - target: {fileID: 391960871897656534, guid: 475e86577665a42fab66c39511afc1be, type: 3}
      propertyPath: m_UseGravity
      value: 0
      objectReference: {fileID: 0}
    - target: {fileID: 391960871897656535, guid: 475e86577665a42fab66c39511afc1be, type: 3}
      propertyPath: effectsManager
      value: 
      objectReference: {fileID: 1961813367}
    m_RemovedComponents: []
  m_SourcePrefab: {fileID: 100100000, guid: 475e86577665a42fab66c39511afc1be, type: 3}
--- !u!1 &1961813367
GameObject:
  m_ObjectHideFlags: 0
  m_CorrespondingSourceObject: {fileID: 0}
  m_PrefabInstance: {fileID: 0}
  m_PrefabAsset: {fileID: 0}
  serializedVersion: 6
  m_Component:
  - component: {fileID: 1961813370}
  - component: {fileID: 1961813369}
  - component: {fileID: 1961813368}
  m_Layer: 0
  m_Name: EffectsManager
  m_TagString: Untagged
  m_Icon: {fileID: 0}
  m_NavMeshLayer: 0
  m_StaticEditorFlags: 0
  m_IsActive: 1
--- !u!114 &1961813368
MonoBehaviour:
  m_ObjectHideFlags: 0
  m_CorrespondingSourceObject: {fileID: 0}
  m_PrefabInstance: {fileID: 0}
  m_PrefabAsset: {fileID: 0}
  m_GameObject: {fileID: 1961813367}
  m_Enabled: 1
  m_EditorHideFlags: 0
  m_Script: {fileID: 11500000, guid: f599c48b74f03432591891b7e8a6b7cc, type: 3}
  m_Name: 
  m_EditorClassIdentifier: 
--- !u!82 &1961813369
AudioSource:
  m_ObjectHideFlags: 0
  m_CorrespondingSourceObject: {fileID: 0}
  m_PrefabInstance: {fileID: 0}
  m_PrefabAsset: {fileID: 0}
  m_GameObject: {fileID: 1961813367}
  m_Enabled: 1
  serializedVersion: 4
  OutputAudioMixerGroup: {fileID: 0}
  m_audioClip: {fileID: 0}
  m_PlayOnAwake: 1
  m_Volume: 1
  m_Pitch: 1
  Loop: 0
  Mute: 0
  Spatialize: 0
  SpatializePostEffects: 0
  Priority: 128
  DopplerLevel: 1
  MinDistance: 1
  MaxDistance: 500
  Pan2D: 0
  rolloffMode: 0
  BypassEffects: 0
  BypassListenerEffects: 0
  BypassReverbZones: 0
  rolloffCustomCurve:
    serializedVersion: 2
    m_Curve:
    - serializedVersion: 3
      time: 0
      value: 1
      inSlope: 0
      outSlope: 0
      tangentMode: 0
      weightedMode: 0
      inWeight: 0.33333334
      outWeight: 0.33333334
    - serializedVersion: 3
      time: 1
      value: 0
      inSlope: 0
      outSlope: 0
      tangentMode: 0
      weightedMode: 0
      inWeight: 0.33333334
      outWeight: 0.33333334
    m_PreInfinity: 2
    m_PostInfinity: 2
    m_RotationOrder: 4
  panLevelCustomCurve:
    serializedVersion: 2
    m_Curve:
    - serializedVersion: 3
      time: 0
      value: 0
      inSlope: 0
      outSlope: 0
      tangentMode: 0
      weightedMode: 0
      inWeight: 0.33333334
      outWeight: 0.33333334
    m_PreInfinity: 2
    m_PostInfinity: 2
    m_RotationOrder: 4
  spreadCustomCurve:
    serializedVersion: 2
    m_Curve:
    - serializedVersion: 3
      time: 0
      value: 0
      inSlope: 0
      outSlope: 0
      tangentMode: 0
      weightedMode: 0
      inWeight: 0.33333334
      outWeight: 0.33333334
    m_PreInfinity: 2
    m_PostInfinity: 2
    m_RotationOrder: 4
  reverbZoneMixCustomCurve:
    serializedVersion: 2
    m_Curve:
    - serializedVersion: 3
      time: 0
      value: 1
      inSlope: 0
      outSlope: 0
      tangentMode: 0
      weightedMode: 0
      inWeight: 0.33333334
      outWeight: 0.33333334
    m_PreInfinity: 2
    m_PostInfinity: 2
    m_RotationOrder: 4
--- !u!4 &1961813370
Transform:
  m_ObjectHideFlags: 0
  m_CorrespondingSourceObject: {fileID: 0}
  m_PrefabInstance: {fileID: 0}
  m_PrefabAsset: {fileID: 0}
  m_GameObject: {fileID: 1961813367}
  m_LocalRotation: {x: 0, y: 0, z: 0, w: 1}
  m_LocalPosition: {x: -0.11503972, y: 1.6248158, z: -2.838555}
  m_LocalScale: {x: 1, y: 1, z: 1}
  m_ConstrainProportionsScale: 0
  m_Children: []
  m_Father: {fileID: 0}
  m_RootOrder: 5
  m_LocalEulerAnglesHint: {x: 0, y: 0, z: 0}
--- !u!1 &2033918150
GameObject:
  m_ObjectHideFlags: 0
  m_CorrespondingSourceObject: {fileID: 0}
  m_PrefabInstance: {fileID: 0}
  m_PrefabAsset: {fileID: 0}
  serializedVersion: 6
  m_Component:
  - component: {fileID: 2033918151}
  m_Layer: 0
  m_Name: Crosshair
  m_TagString: Untagged
  m_Icon: {fileID: 0}
  m_NavMeshLayer: 0
  m_StaticEditorFlags: 0
  m_IsActive: 1
--- !u!4 &2033918151
Transform:
  m_ObjectHideFlags: 0
  m_CorrespondingSourceObject: {fileID: 0}
  m_PrefabInstance: {fileID: 0}
  m_PrefabAsset: {fileID: 0}
  m_GameObject: {fileID: 2033918150}
  m_LocalRotation: {x: 0, y: 0, z: 0, w: 1}
  m_LocalPosition: {x: -0.05700255, y: 1.1675284, z: -2.340045}
  m_LocalScale: {x: 1, y: 1, z: 1}
  m_ConstrainProportionsScale: 0
  m_Children:
  - {fileID: 1746798895}
  m_Father: {fileID: 0}
  m_RootOrder: 3
  m_LocalEulerAnglesHint: {x: 0, y: 0, z: 0}
--- !u!1 &2146249799
GameObject:
  m_ObjectHideFlags: 0
  m_CorrespondingSourceObject: {fileID: 0}
  m_PrefabInstance: {fileID: 0}
  m_PrefabAsset: {fileID: 0}
  serializedVersion: 6
  m_Component:
  - component: {fileID: 2146249800}
  - component: {fileID: 2146249802}
  - component: {fileID: 2146249801}
  m_Layer: 5
  m_Name: RawImage
  m_TagString: Untagged
  m_Icon: {fileID: 0}
  m_NavMeshLayer: 0
  m_StaticEditorFlags: 0
  m_IsActive: 1
--- !u!224 &2146249800
RectTransform:
  m_ObjectHideFlags: 0
  m_CorrespondingSourceObject: {fileID: 0}
  m_PrefabInstance: {fileID: 0}
  m_PrefabAsset: {fileID: 0}
  m_GameObject: {fileID: 2146249799}
  m_LocalRotation: {x: 0, y: 0, z: 0, w: 1}
  m_LocalPosition: {x: 0, y: 0, z: 0}
  m_LocalScale: {x: 1, y: 1, z: 1}
  m_ConstrainProportionsScale: 0
  m_Children: []
  m_Father: {fileID: 1746798895}
  m_RootOrder: 0
  m_LocalEulerAnglesHint: {x: 0, y: 0, z: 0}
  m_AnchorMin: {x: 0.5, y: 0.5}
  m_AnchorMax: {x: 0.5, y: 0.5}
  m_AnchoredPosition: {x: 0, y: 0}
  m_SizeDelta: {x: 10, y: 10}
  m_Pivot: {x: 0.5, y: 0.5}
--- !u!114 &2146249801
MonoBehaviour:
  m_ObjectHideFlags: 0
  m_CorrespondingSourceObject: {fileID: 0}
  m_PrefabInstance: {fileID: 0}
  m_PrefabAsset: {fileID: 0}
  m_GameObject: {fileID: 2146249799}
  m_Enabled: 1
  m_EditorHideFlags: 0
  m_Script: {fileID: 11500000, guid: 1344c3c82d62a2a41a3576d8abb8e3ea, type: 3}
  m_Name: 
  m_EditorClassIdentifier: 
  m_Material: {fileID: 0}
  m_Color: {r: 1, g: 1, b: 1, a: 1}
  m_RaycastTarget: 1
  m_RaycastPadding: {x: 0, y: 0, z: 0, w: 0}
  m_Maskable: 1
  m_OnCullStateChanged:
    m_PersistentCalls:
      m_Calls: []
  m_Texture: {fileID: 2800000, guid: 737a96d92d8144140af50c3f172f0436, type: 3}
  m_UVRect:
    serializedVersion: 2
    x: 0
    y: 0
    width: 1
    height: 1
--- !u!222 &2146249802
CanvasRenderer:
  m_ObjectHideFlags: 0
  m_CorrespondingSourceObject: {fileID: 0}
  m_PrefabInstance: {fileID: 0}
  m_PrefabAsset: {fileID: 0}
  m_GameObject: {fileID: 2146249799}
  m_CullTransparentMesh: 1
--- !u!1001 &391960872309896135
PrefabInstance:
  m_ObjectHideFlags: 0
  serializedVersion: 2
  m_Modification:
    m_TransformParent: {fileID: 0}
    m_Modifications:
    - target: {fileID: 391960871550256090, guid: 475e86577665a42fab66c39511afc1be, type: 3}
      propertyPath: m_UseGravity
      value: 0
      objectReference: {fileID: 0}
    - target: {fileID: 391960871550256091, guid: 475e86577665a42fab66c39511afc1be, type: 3}
      propertyPath: effectsManager
      value: 
      objectReference: {fileID: 1961813367}
    - target: {fileID: 391960871688722798, guid: 475e86577665a42fab66c39511afc1be, type: 3}
      propertyPath: m_RootOrder
      value: 6
      objectReference: {fileID: 0}
    - target: {fileID: 391960871688722798, guid: 475e86577665a42fab66c39511afc1be, type: 3}
      propertyPath: m_LocalPosition.x
      value: 3.92
      objectReference: {fileID: 0}
    - target: {fileID: 391960871688722798, guid: 475e86577665a42fab66c39511afc1be, type: 3}
      propertyPath: m_LocalPosition.y
      value: 0.67
      objectReference: {fileID: 0}
    - target: {fileID: 391960871688722798, guid: 475e86577665a42fab66c39511afc1be, type: 3}
      propertyPath: m_LocalPosition.z
      value: 0
      objectReference: {fileID: 0}
    - target: {fileID: 391960871688722798, guid: 475e86577665a42fab66c39511afc1be, type: 3}
      propertyPath: m_LocalRotation.w
      value: 1
      objectReference: {fileID: 0}
    - target: {fileID: 391960871688722798, guid: 475e86577665a42fab66c39511afc1be, type: 3}
      propertyPath: m_LocalRotation.x
      value: 0
      objectReference: {fileID: 0}
    - target: {fileID: 391960871688722798, guid: 475e86577665a42fab66c39511afc1be, type: 3}
      propertyPath: m_LocalRotation.y
      value: 0
      objectReference: {fileID: 0}
    - target: {fileID: 391960871688722798, guid: 475e86577665a42fab66c39511afc1be, type: 3}
      propertyPath: m_LocalRotation.z
      value: 0
      objectReference: {fileID: 0}
    - target: {fileID: 391960871688722798, guid: 475e86577665a42fab66c39511afc1be, type: 3}
      propertyPath: m_LocalEulerAnglesHint.x
      value: 0
      objectReference: {fileID: 0}
    - target: {fileID: 391960871688722798, guid: 475e86577665a42fab66c39511afc1be, type: 3}
      propertyPath: m_LocalEulerAnglesHint.y
      value: 0
      objectReference: {fileID: 0}
    - target: {fileID: 391960871688722798, guid: 475e86577665a42fab66c39511afc1be, type: 3}
      propertyPath: m_LocalEulerAnglesHint.z
      value: 0
      objectReference: {fileID: 0}
    - target: {fileID: 391960871688722799, guid: 475e86577665a42fab66c39511afc1be, type: 3}
      propertyPath: m_Name
      value: TargetStack
      objectReference: {fileID: 0}
    - target: {fileID: 391960871763879184, guid: 475e86577665a42fab66c39511afc1be, type: 3}
      propertyPath: effectsManager
      value: 
      objectReference: {fileID: 1961813367}
    - target: {fileID: 391960871763879199, guid: 475e86577665a42fab66c39511afc1be, type: 3}
      propertyPath: m_UseGravity
      value: 0
      objectReference: {fileID: 0}
    - target: {fileID: 391960871897656534, guid: 475e86577665a42fab66c39511afc1be, type: 3}
      propertyPath: m_UseGravity
      value: 0
      objectReference: {fileID: 0}
    - target: {fileID: 391960871897656535, guid: 475e86577665a42fab66c39511afc1be, type: 3}
      propertyPath: effectsManager
      value: 
      objectReference: {fileID: 1961813367}
    m_RemovedComponents: []
  m_SourcePrefab: {fileID: 100100000, guid: 475e86577665a42fab66c39511afc1be, type: 3}
--- !u!1001 &2231828181144477065
PrefabInstance:
  m_ObjectHideFlags: 0
  serializedVersion: 2
  m_Modification:
    m_TransformParent: {fileID: 0}
    m_Modifications:
    - target: {fileID: 4075594402752004016, guid: 078bb7f256dc24eb0aee2504de412097, type: 3}
      propertyPath: effectDuration
      value: 5
      objectReference: {fileID: 0}
    - target: {fileID: 4075594402752004016, guid: 078bb7f256dc24eb0aee2504de412097, type: 3}
      propertyPath: effectsManager
      value: 
      objectReference: {fileID: 1961813367}
    - target: {fileID: 7980959649893167742, guid: 078bb7f256dc24eb0aee2504de412097, type: 3}
      propertyPath: effectDuration
      value: 5
      objectReference: {fileID: 0}
    - target: {fileID: 7980959649893167742, guid: 078bb7f256dc24eb0aee2504de412097, type: 3}
      propertyPath: effectsManager
      value: 
      objectReference: {fileID: 1961813367}
    - target: {fileID: 8823550763350225752, guid: 078bb7f256dc24eb0aee2504de412097, type: 3}
      propertyPath: m_RootOrder
      value: 10
      objectReference: {fileID: 0}
    - target: {fileID: 8823550763350225752, guid: 078bb7f256dc24eb0aee2504de412097, type: 3}
      propertyPath: m_LocalPosition.x
      value: -4.71
      objectReference: {fileID: 0}
    - target: {fileID: 8823550763350225752, guid: 078bb7f256dc24eb0aee2504de412097, type: 3}
      propertyPath: m_LocalPosition.y
      value: 2.1
      objectReference: {fileID: 0}
    - target: {fileID: 8823550763350225752, guid: 078bb7f256dc24eb0aee2504de412097, type: 3}
      propertyPath: m_LocalPosition.z
      value: -5.97
      objectReference: {fileID: 0}
    - target: {fileID: 8823550763350225752, guid: 078bb7f256dc24eb0aee2504de412097, type: 3}
      propertyPath: m_LocalRotation.w
      value: 1
      objectReference: {fileID: 0}
    - target: {fileID: 8823550763350225752, guid: 078bb7f256dc24eb0aee2504de412097, type: 3}
      propertyPath: m_LocalRotation.x
      value: 0
      objectReference: {fileID: 0}
    - target: {fileID: 8823550763350225752, guid: 078bb7f256dc24eb0aee2504de412097, type: 3}
      propertyPath: m_LocalRotation.y
      value: 0
      objectReference: {fileID: 0}
    - target: {fileID: 8823550763350225752, guid: 078bb7f256dc24eb0aee2504de412097, type: 3}
      propertyPath: m_LocalRotation.z
      value: 0
      objectReference: {fileID: 0}
    - target: {fileID: 8823550763350225752, guid: 078bb7f256dc24eb0aee2504de412097, type: 3}
      propertyPath: m_LocalEulerAnglesHint.x
      value: 0
      objectReference: {fileID: 0}
    - target: {fileID: 8823550763350225752, guid: 078bb7f256dc24eb0aee2504de412097, type: 3}
      propertyPath: m_LocalEulerAnglesHint.y
      value: 0
      objectReference: {fileID: 0}
    - target: {fileID: 8823550763350225752, guid: 078bb7f256dc24eb0aee2504de412097, type: 3}
      propertyPath: m_LocalEulerAnglesHint.z
      value: 0
      objectReference: {fileID: 0}
    - target: {fileID: 8891106215879036108, guid: 078bb7f256dc24eb0aee2504de412097, type: 3}
      propertyPath: m_Name
      value: Bomb
      objectReference: {fileID: 0}
    m_RemovedComponents: []
  m_SourcePrefab: {fileID: 100100000, guid: 078bb7f256dc24eb0aee2504de412097, type: 3}
--- !u!1001 &2526810117747727182
PrefabInstance:
  m_ObjectHideFlags: 0
  serializedVersion: 2
  m_Modification:
    m_TransformParent: {fileID: 0}
    m_Modifications:
    - target: {fileID: 2526810117675089958, guid: 3da1b4744d9694906b89a2a7196e2284, type: 3}
      propertyPath: m_RootOrder
      value: 8
      objectReference: {fileID: 0}
    - target: {fileID: 2526810117675089958, guid: 3da1b4744d9694906b89a2a7196e2284, type: 3}
      propertyPath: m_LocalPosition.x
      value: 11.36
      objectReference: {fileID: 0}
    - target: {fileID: 2526810117675089958, guid: 3da1b4744d9694906b89a2a7196e2284, type: 3}
      propertyPath: m_LocalPosition.y
      value: 2.06
      objectReference: {fileID: 0}
    - target: {fileID: 2526810117675089958, guid: 3da1b4744d9694906b89a2a7196e2284, type: 3}
      propertyPath: m_LocalPosition.z
      value: 0
      objectReference: {fileID: 0}
    - target: {fileID: 2526810117675089958, guid: 3da1b4744d9694906b89a2a7196e2284, type: 3}
      propertyPath: m_LocalRotation.w
      value: 1
      objectReference: {fileID: 0}
    - target: {fileID: 2526810117675089958, guid: 3da1b4744d9694906b89a2a7196e2284, type: 3}
      propertyPath: m_LocalRotation.x
      value: 0
      objectReference: {fileID: 0}
    - target: {fileID: 2526810117675089958, guid: 3da1b4744d9694906b89a2a7196e2284, type: 3}
      propertyPath: m_LocalRotation.y
      value: 0
      objectReference: {fileID: 0}
    - target: {fileID: 2526810117675089958, guid: 3da1b4744d9694906b89a2a7196e2284, type: 3}
      propertyPath: m_LocalRotation.z
      value: 0
      objectReference: {fileID: 0}
    - target: {fileID: 2526810117675089958, guid: 3da1b4744d9694906b89a2a7196e2284, type: 3}
      propertyPath: m_LocalEulerAnglesHint.x
      value: 0
      objectReference: {fileID: 0}
    - target: {fileID: 2526810117675089958, guid: 3da1b4744d9694906b89a2a7196e2284, type: 3}
      propertyPath: m_LocalEulerAnglesHint.y
      value: 0
      objectReference: {fileID: 0}
    - target: {fileID: 2526810117675089958, guid: 3da1b4744d9694906b89a2a7196e2284, type: 3}
      propertyPath: m_LocalEulerAnglesHint.z
      value: 0
      objectReference: {fileID: 0}
    - target: {fileID: 2526810117675089961, guid: 3da1b4744d9694906b89a2a7196e2284, type: 3}
      propertyPath: m_Name
      value: Diamond
      objectReference: {fileID: 0}
    - target: {fileID: 2526810117840532076, guid: 3da1b4744d9694906b89a2a7196e2284, type: 3}
      propertyPath: effectsManager
      value: 
      objectReference: {fileID: 1961813367}
    - target: {fileID: 2526810119028865938, guid: 3da1b4744d9694906b89a2a7196e2284, type: 3}
      propertyPath: effectsManager
      value: 
      objectReference: {fileID: 1961813367}
    m_RemovedComponents: []
  m_SourcePrefab: {fileID: 100100000, guid: 3da1b4744d9694906b89a2a7196e2284, type: 3}
--- !u!1001 &3154203542115179940
PrefabInstance:
  m_ObjectHideFlags: 0
  serializedVersion: 2
  m_Modification:
    m_TransformParent: {fileID: 0}
    m_Modifications:
    - target: {fileID: 1044177082463409868, guid: f9fe430269810466ca1318e3cc97aea3, type: 3}
      propertyPath: m_TagString
      value: Target
      objectReference: {fileID: 0}
    - target: {fileID: 4575098489244479750, guid: f9fe430269810466ca1318e3cc97aea3, type: 3}
      propertyPath: m_Name
      value: TargetCube
      objectReference: {fileID: 0}
    - target: {fileID: 8134832345914272458, guid: f9fe430269810466ca1318e3cc97aea3, type: 3}
      propertyPath: m_RootOrder
      value: 1
      objectReference: {fileID: 0}
    - target: {fileID: 8134832345914272458, guid: f9fe430269810466ca1318e3cc97aea3, type: 3}
      propertyPath: m_LocalPosition.x
      value: 0
      objectReference: {fileID: 0}
    - target: {fileID: 8134832345914272458, guid: f9fe430269810466ca1318e3cc97aea3, type: 3}
      propertyPath: m_LocalPosition.y
      value: 1
      objectReference: {fileID: 0}
    - target: {fileID: 8134832345914272458, guid: f9fe430269810466ca1318e3cc97aea3, type: 3}
      propertyPath: m_LocalPosition.z
      value: 0
      objectReference: {fileID: 0}
    - target: {fileID: 8134832345914272458, guid: f9fe430269810466ca1318e3cc97aea3, type: 3}
      propertyPath: m_LocalRotation.w
      value: 1
      objectReference: {fileID: 0}
    - target: {fileID: 8134832345914272458, guid: f9fe430269810466ca1318e3cc97aea3, type: 3}
      propertyPath: m_LocalRotation.x
      value: 0
      objectReference: {fileID: 0}
    - target: {fileID: 8134832345914272458, guid: f9fe430269810466ca1318e3cc97aea3, type: 3}
      propertyPath: m_LocalRotation.y
      value: 0
      objectReference: {fileID: 0}
    - target: {fileID: 8134832345914272458, guid: f9fe430269810466ca1318e3cc97aea3, type: 3}
      propertyPath: m_LocalRotation.z
      value: 0
      objectReference: {fileID: 0}
    - target: {fileID: 8134832345914272458, guid: f9fe430269810466ca1318e3cc97aea3, type: 3}
      propertyPath: m_LocalEulerAnglesHint.x
      value: 0
      objectReference: {fileID: 0}
    - target: {fileID: 8134832345914272458, guid: f9fe430269810466ca1318e3cc97aea3, type: 3}
      propertyPath: m_LocalEulerAnglesHint.y
      value: 0
      objectReference: {fileID: 0}
    - target: {fileID: 8134832345914272458, guid: f9fe430269810466ca1318e3cc97aea3, type: 3}
      propertyPath: m_LocalEulerAnglesHint.z
      value: 0
      objectReference: {fileID: 0}
    m_RemovedComponents: []
  m_SourcePrefab: {fileID: 100100000, guid: f9fe430269810466ca1318e3cc97aea3, type: 3}
--- !u!1 &3154203542115179941 stripped
GameObject:
  m_CorrespondingSourceObject: {fileID: 1044177082463409868, guid: f9fe430269810466ca1318e3cc97aea3, type: 3}
  m_PrefabInstance: {fileID: 3154203542115179940}
  m_PrefabAsset: {fileID: 0}
--- !u!1 &3154203542115179942 stripped
GameObject:
  m_CorrespondingSourceObject: {fileID: 5961703906892033677, guid: f9fe430269810466ca1318e3cc97aea3, type: 3}
  m_PrefabInstance: {fileID: 3154203542115179940}
  m_PrefabAsset: {fileID: 0}
--- !u!114 &3154203542115179943
MonoBehaviour:
  m_ObjectHideFlags: 0
  m_CorrespondingSourceObject: {fileID: 0}
  m_PrefabInstance: {fileID: 0}
  m_PrefabAsset: {fileID: 0}
  m_GameObject: {fileID: 3154203542115179941}
  m_Enabled: 1
  m_EditorHideFlags: 0
  m_Script: {fileID: 11500000, guid: 83fbe84fbf0234bb7bf77004b3bdc335, type: 3}
  m_Name: 
  m_EditorClassIdentifier: 
  target: {fileID: 836097105}
  effectsManager: {fileID: 1961813367}
  hitEffect: {fileID: 9059539003727371992, guid: 21a1a702edfe64fa1a8aa6fe1463835f, type: 3}
  effectDuration: 0.1
  hitSound: {fileID: 8300000, guid: 215b6e41cf2a345e38ecdb6005150cc1, type: 3}
--- !u!114 &3154203542115179944
MonoBehaviour:
  m_ObjectHideFlags: 0
  m_CorrespondingSourceObject: {fileID: 0}
  m_PrefabInstance: {fileID: 0}
  m_PrefabAsset: {fileID: 0}
  m_GameObject: {fileID: 3154203542115179942}
  m_Enabled: 1
  m_EditorHideFlags: 0
  m_Script: {fileID: 11500000, guid: 83fbe84fbf0234bb7bf77004b3bdc335, type: 3}
  m_Name: 
  m_EditorClassIdentifier: 
  target: {fileID: 836097105}
  effectsManager: {fileID: 1961813367}
  hitEffect: {fileID: 9059539003727371992, guid: 21a1a702edfe64fa1a8aa6fe1463835f, type: 3}
  effectDuration: 0.1
  hitSound: {fileID: 8300000, guid: 215b6e41cf2a345e38ecdb6005150cc1, type: 3}
